<?xml version="1.0" encoding="UTF-8"?><collection xmlns="http://www.loc.gov/MARC21/slim"><record><leader>00599nam--2200205-i-4500</leader><controlfield tag="001">000043767</controlfield><controlfield tag="002">20161230</controlfield><controlfield tag="005">20161230201044</controlfield><controlfield tag="008">060222s1000------------r-----000-0-eng-d</controlfield><datafield ind1=" " ind2=" " tag="020"><subfield code="a">0387904034</subfield></datafield><datafield ind1=" " ind2=" " tag="040"><subfield code="a">IFIN-HH</subfield></datafield><datafield ind1=" " ind2=" " tag="080"><subfield code="a">536.7(09)</subfield></datafield><datafield ind1="1" ind2=" " tag="100"><subfield code="a">Truesdell,C</subfield></datafield><datafield ind1="1" ind2="0" tag="245"><subfield code="a">The tragicomical history of thermodynamics 1822-1854</subfield><subfield code="c">C. treuesdell</subfield></datafield><datafield ind1=" " ind2=" " tag="260"><subfield code="a">New York</subfield><subfield code="b">Springer-verlag</subfield><subfield code="c">1980</subfield></datafield><datafield ind1=" " ind2=" " tag="300"><subfield code="a">372P</subfield></datafield><datafield ind1=" " ind2=" " tag="490"><subfield code="a">Studies In The History Of Mathematics And Physical Sciences</subfield><subfield code="v">Vol. 4</subfield></datafield><datafield ind1=" " ind2=" " tag="650"><subfield code="a">Thermodynamics - History</subfield></datafield><datafield ind1=" " ind2=" " tag="852"><subfield code="a">49162</subfield><subfield code="c">536.7</subfield></datafield><datafield ind1=" " ind2=" " tag="CAT"><subfield code="a">Sys</subfield><subfield code="c">20110531</subfield><subfield code="h">161643</subfield></datafield></record></collection>